@article{DomainConfinement,
	author = "Kormos, Marton and Collura, Mario and Tak√°cs, Gabor and Calabrese, Pasquale",
	title = "{Real-time confinement following a quantum quench to a non-integrable model}",
	journal = "Nature Physics",
	volume = "13",
	pages = "246--249",
	year = "2017",
	DOI = "https://doi.org/10.1038/nphys3934",
	keywords = "physics"
}